@Book{		  kagstrom05licentiate,
  author	= "Simon Kågström",
  title		= "Performance and Implementation Complexity in
		  Multiprocessor Operating System Kernels",
  note		= {Licentiate Dissertation Series No. 2005:15},
  publisher	= {Blekinge Institute of Technology},
  address	= {Ronneby, Sweden},
  year		= 2005,
  month		= september,
  isbn		= {91-7295-074-9}
}

@Book{		  kagstrom08phd,
  author	= "Simon Kågström",
  title		= "Tools, techniques and trade-offs when porting large software systems to new environments",
  note		= {Doctoral Dissertation Series No. 2008:07},
  publisher	= {Blekinge Institute of Technology},
  address	= {Ronneby, Sweden},
  year		= 2008,
  month		= {june},
  isbn		= {978-91-7295-137-2}
}


@Article{	  kagstrom05appkern,
  author	= "Simon Kågström and Lars Lundberg and Håkan Grahn",
  title		= "The Application Kernel Approach - a Novel Approach for
		  Adding {SMP} Support to Uniprocessor Operating Systems",
  journal	= {Software: Practice and Experience},
  volume	= {36},
  number	= {14},
  pages		= {1563--1583},
  month		= {November},
  year		= {2006}
}

@InProceedings{	  kagstrom05experiences,
  author	= {Simon Kågström and Håkan Grahn and Lars Lundberg},
  title		= {Experiences from Implementing Multiprocessor Support for
		  an Industrial Operating System Kernel},
  booktitle	= {Proceedings of the International Conference on Embedded
		  and Real-Time Computing Systems and Applications
		  (RTCSA'2005)},
  year		= {2005},
  address	= {Hong Kong, China},
  month		= {August},
  days		= {17-19},
  pages		= {365--368}
}

@InProceedings{	  kagstrom07cibyl,
  author	= {Simon Kågström and Håkan Grahn and Lars Lundberg},
  title		= {Cibyl - an Environment for Language Diversity on Mobile
		  Devices},
  booktitle	= {Proceedings of the Virtual Execution Environments (VEE)},
  year		= {2007},
  address	= {San Diego, USA},
  month		= {June},
  days		= {13--15},
  pages		= {75--81}
}

@InProceedings{	  kagstrom08performance,
  author	= {Simon Kågström and Håkan Grahn and Lars Lundberg},
  title		= {Optimizations in the Cibyl binary translator for {J2ME}
		  devices},
  booktitle	= {Proceedings of the 12th Workshop on Interaction between
		  Compilers and Computer Architectures},
  year		= {2008},
  address	= {Salt Lake City, USA},
  month		= {February},
  days		= {16}
}

@TechReport{	  kagstrom05tech,
  author	= "S. Kågström and H. Grahn and L. Lundberg",
  institution	= "Blekinge Institute of Technology",
  title		= "{The Design and Implementation of Multiprocessor Support
		  for an Industrial Operating System Kernel}",
  number	= "{2005:3, ISSN: 1103-1581}"
}

@MastersThesis{	  kagstrom_molin02,
  author	= "Simon Kågström and Rickard Molin",
  school	= "Department of Computer Science, Lund University, Sweden",
  title		= "A device driver framework for multiserver operating
		  systems with untrusted memory servers",
  year		= 2002,
  month		= aug
}
